%% This BibTeX bibliography file was created using BibDesk.
%% http://bibdesk.sourceforge.net/


%% Created for Matteo Riondato at 2015-02-25 13:55:32 -0500 


%% Saved with string encoding Unicode (UTF-8) 



@inproceedings{KearnsS90,
	Author = {Kearns, Michael J and Schapire, Robert E},
	Booktitle = {Foundations of Computer Science, 1990. Proceedings., 31st Annual Symposium on},
	Date-Added = {2015-02-25 18:55:24 +0000},
	Date-Modified = {2015-02-25 18:55:32 +0000},
	Organization = {IEEE},
	Pages = {382--391},
	Title = {Efficient distribution-free learning of probabilistic concepts},
	Year = {1990}}

@book{Pollard1984,
	Author = {Pollard, David},
	Date-Added = {2015-02-25 18:53:51 +0000},
	Date-Modified = {2015-02-25 18:54:18 +0000},
	Publisher = {Springer},
	Title = {Convergence of stochastic processes},
	Year = {1984}}

@unpublished{RiondatoU15-ext,
	Author = {Riondato, Matteo and Upfal, Eli},
	Date-Added = {2015-02-25 18:31:03 +0000},
	Date-Modified = {2015-02-25 18:31:03 +0000},
	Note = {Extended Version},
	Title = {Mining Frequent Itemsets through Progressive Sampling with Rademacher Averages},
	Url = {http://cs.brown.edu/%7Ematteo/papers/progrsamplfi-ext.pdf},
	Bdsk-Url-1 = {http://cs.brown.edu/%7Ematteo/papers/progrsamplfi-ext.pdf}}

@inproceedings{AbrahamDFGW11,
	Author = {Abraham, Ittai and Delling, Daniel and Fiat, Amos and Goldberg, Andrew V. and Werneck, Renato F.},
	Booktitle = {Automata, Languages and Programming},
	Date-Added = {2015-02-25 18:22:11 +0000},
	Date-Modified = {2015-02-25 18:22:11 +0000},
	Doi = {10.1007/978-3-642-22006-7_58},
	Pages = {690--699},
	Publisher = {Springer Berlin Heidelberg},
	Series = {Lecture Notes in Computer Science},
	Title = {{VC}-Dimension and Shortest Path Algorithms},
	Volume = {6755},
	Year = {2011},
	Bdsk-Url-1 = {http://www.springerlink.com/content/5k83q577q27j4331/fulltext.pdf},
	Bdsk-Url-2 = {http://dx.doi.org/10.1007/978-3-642-22006-7_58}}

@article{AnthonyBC95,
	Author = {Anthony, Martin and Brightwell, Graham and Cooper, Colin},
	Date-Added = {2015-02-25 18:22:11 +0000},
	Date-Modified = {2015-02-25 18:22:11 +0000},
	Doi = {10.1016/0012-365X(94)00187-N},
	Issn = {0012-365X},
	Journal = {Discrete Mathematics},
	Number = {1--3},
	Pages = {43--56},
	Title = {The {V}apnik-{C}hervonenkis dimension of a random graph},
	Volume = {138},
	Year = {1995},
	Bdsk-Url-1 = {http://www.sciencedirect.com/science/article/pii/0012365X9400187N},
	Bdsk-Url-2 = {http://dx.doi.org/10.1016/0012-365X(94)00187-N}}

@article{Kleinberg03,
	Author = {Kleinberg, Jon M.},
	Bibsource = {DBLP, http://dblp.uni-trier.de},
	Date-Added = {2015-02-25 18:22:11 +0000},
	Date-Modified = {2015-02-25 18:22:11 +0000},
	Doi = {10.1080/15427951.2004.10129077},
	Journal = {Internet Mathematics},
	Number = {1},
	Pages = {37--55},
	Title = {Detecting a Network Failure},
	Volume = {1},
	Year = {2003},
	Bdsk-Url-1 = {http://dx.doi.org/10.1080/15427951.2004.10129077}}

@inproceedings{KleinbergSS04,
	Acmid = {982803},
	Address = {Philadelphia, PA, USA},
	Author = {Kleinberg, Jon and Sandler, Mark and Slivkins, Aleksandrs},
	Booktitle = {Proc.~11th Annu.~ACM-SIAM symp.~Discrete algorithms},
	Date-Added = {2015-02-25 18:22:11 +0000},
	Date-Modified = {2015-02-25 18:22:11 +0000},
	Isbn = {0-89871-558-X},
	Location = {New Orleans, Louisiana},
	Numpages = {10},
	Pages = {76--85},
	Publisher = {Society for Industrial and Applied Mathematics},
	Series = {SODA '04},
	Title = {Network failure detection and graph connectivity},
	Year = {2004},
	Bdsk-Url-1 = {http://dl.acm.org/citation.cfm?id=982792.982803}}

@article{KleinbergSS08,
	Author = {Kleinberg, Jon M. and Sandler, Mark and Slivkins, Aleksandrs},
	Date-Added = {2015-02-25 18:22:11 +0000},
	Date-Modified = {2015-02-25 18:22:11 +0000},
	Doi = {10.1137/070697793},
	Journal = {SIAM J. Comput.},
	Number = {4},
	Pages = {1330--1346},
	Title = {Network Failure Detection and Graph Connectivity},
	Volume = {38},
	Year = {2008},
	Bdsk-Url-1 = {http://epubs.siam.org/doi/abs/10.1137/070697793},
	Bdsk-Url-2 = {http://dx.doi.org/10.1137/070697793}}

@article{KranakisKRUW97,
	Author = {Kranakis, Evangelos and Krizanc, Danny and Ruf, Berthold and Urrutia, Jorge and Woeginger, Gerhard},
	Date-Added = {2015-02-25 18:22:11 +0000},
	Date-Modified = {2015-02-25 18:22:11 +0000},
	Doi = {10.1016/S0166-218X(96)00137-0},
	Issn = {0166-218X},
	Journal = {Discrete Applied Mathematics},
	Number = {3},
	Pages = {237--257},
	Title = {The {VC}-dimension of set systems defined by graphs},
	Volume = {77},
	Year = {1997},
	Bdsk-Url-1 = {http://www.sciencedirect.com/science/article/pii/S0166218X96001370},
	Bdsk-Url-2 = {http://dx.doi.org/10.1016/S0166-218X(96)00137-0}}

@article{LuczakT10,
	Abstract = {The Vapnik-\v{C}ervonenkis dimension is a complexity measure of set-systems, or hypergraphs. Its application to graphs is usually done by considering the sets of neighborhoods of the vertices (cf. Alon et al. (2006) and Chepoi, Estellon, and Vaxes (2007)), hence providing a set-system. But the graph structure is lost in the process. The aim of this paper is to introduce the notion of paired VC-dimension, a generalization of VC-dimension to set-systems endowed with a graph structure, hence a collection of pairs of subsets.},
	Author = {{\L}uczak, Tomasz and Thomass{\'e}, St{\'e}phan},
	Date-Added = {2015-02-25 18:22:11 +0000},
	Date-Modified = {2015-02-25 18:22:11 +0000},
	Eprint = {1007.1670},
	Journal = {CoRR abs/1007.1670},
	Month = jul,
	Title = {Coloring dense graphs via {VC}-dimension},
	Year = {2010},
	Bdsk-Url-1 = {http://arxiv.org/abs/1007.1670}}

@article{MubayiZ07,
	Author = {Mubayi, Dhruv and Zhao, Yi},
	Date-Added = {2015-02-25 18:22:11 +0000},
	Date-Modified = {2015-02-25 18:22:11 +0000},
	Doi = {10.1007/s10801-006-0025-4},
	Issn = {0925-9899},
	Journal = {Journal of Algebraic Combinatorics},
	Keywords = {Trace; Hypergraph; VC-dimension; Extremal problems},
	Language = {English},
	Number = {1},
	Pages = {101--110},
	Publisher = {Kluwer Academic Publishers-Plenum Publishers},
	Title = {On the {VC}-dimension of uniform hypergraphs},
	Volume = {25},
	Year = {2007},
	Bdsk-Url-1 = {http://dx.doi.org/10.1007/s10801-006-0025-4}}

@article{YcartR07,
	Author = {Ycart, B. and Ratsaby, J.},
	Date-Added = {2015-02-25 18:22:11 +0000},
	Date-Modified = {2015-02-25 18:22:11 +0000},
	Doi = {10.1002/rsa.20142},
	Issn = {1098-2418},
	Journal = {Random Structures \& Algorithms},
	Keywords = {random hypergraph, Vapnik--Chervonenkis, testing dimension, threshold},
	Number = {4},
	Pages = {564--572},
	Publisher = {Wiley Subscription Services, Inc., A Wiley Company},
	Title = {The {VC} dimension of k-uniform random hypergraphs},
	Volume = {30},
	Year = {2007},
	Bdsk-Url-1 = {http://dx.doi.org/10.1002/rsa.20142}}

@proceedings{2003ml,
	Bibsource = {DBLP, http://dblp.uni-trier.de},
	Booktitle = {Advanced Lectures on Machine Learning},
	Date-Added = {2015-02-25 18:22:04 +0000},
	Date-Modified = {2015-02-25 18:22:04 +0000},
	Editor = {Bousquet, Olivier and von Luxburg, Ulrike and R{\"a}tsch, Gunnar},
	Isbn = {3-540-23122-6},
	Publisher = {Springer Berlin Heidelberg},
	Series = {Lecture Notes in Computer Science},
	Title = {Advanced Lectures on Machine Learning, ML Summer Schools 2003, Canberra, Australia, February 2-14, 2003, T{\"u}bingen, Germany, August 4-16, 2003, Revised Lectures},
	Volume = {3176},
	Year = {2004}}

@article{AdamsN11,
	Author = {Adams, Terrence M. and Nobel, Andrew B.},
	Date-Added = {2015-02-25 18:22:04 +0000},
	Date-Modified = {2015-02-25 18:22:04 +0000},
	Doi = {10.1214/09-AOP511},
	Journal = {The Annals of Probability},
	Month = jul,
	Number = {4},
	Pages = {1345--1367},
	Publisher = {The Institute of Mathematical Statistics},
	Title = {Uniform convergence of {V}apnik--{C}hervonenkis classes under ergodic sampling},
	Volume = {38},
	Year = {2010},
	Bdsk-Url-1 = {http://dx.doi.org/10.1214/09-AOP511}}

@article{AdamsN12,
	Author = {Adams, Terrence M. and Nobel, Andrew B.},
	Date-Added = {2015-02-25 18:22:04 +0000},
	Date-Modified = {2015-02-25 18:22:04 +0000},
	Doi = {10.3150/11-BEJ379},
	Journal = {Bernoulli},
	Month = nov,
	Number = {4},
	Pages = {1310--1319},
	Publisher = {Bernoulli Society for Mathematical Statistics and Probability},
	Title = {Uniform approximation of {V}apnik-{C}hervonenkis classes},
	Url = {http://dx.doi.org/10.3150/11-BEJ379},
	Volume = {18},
	Year = {2012},
	Bdsk-Url-1 = {http://dx.doi.org/10.3150/11-BEJ379}}

@inbook{AdamsN13,
	Address = {Beachwood, Ohio, USA},
	Author = {Adams, Terrence M. and Nobel, Andrew B.},
	Booktitle = {From Probability to Statistics and Back: High-Dimensional Models and Processes -- A Festschrift in Honor of Jon A. Wellner},
	Crossref = {BanerjeeBHKM13},
	Date-Added = {2015-02-25 18:22:04 +0000},
	Date-Modified = {2015-02-25 18:22:04 +0000},
	Doi = {10.1214/12-IMSCOLL901},
	Pages = {1--4},
	Publisher = {Institute of Mathematical Statistics},
	Series = {Collections},
	Title = {A counterexample concerning the extension of uniform strong laws to ergodic processes},
	Volume = {9},
	Year = {2013},
	Bdsk-Url-1 = {http://dx.doi.org/10.1214/12-IMSCOLL901}}

@book{AlonS08,
	Address = {Hoboken, NJ, USA},
	Author = {Alon, Noga and Spencer, Joel H.},
	Date-Added = {2015-02-25 18:22:04 +0000},
	Date-Modified = {2015-02-25 18:22:04 +0000},
	Edition = {third},
	Keywords = {vcdim},
	Publisher = {John Wiley {\&} Sons},
	Series = {Interscience Series in Discrete Mathematics and Optimization},
	Title = {The Probabilistic Method},
	Year = {2008}}

@book{AnthonyB99,
	Address = {New York, NY, USA},
	Author = {Anthony, Martin and Bartlett, Peter L.},
	Bibsource = {DBLP, http://dblp.uni-trier.de},
	Date-Added = {2015-02-25 18:22:04 +0000},
	Date-Modified = {2015-02-25 18:22:04 +0000},
	Isbn = {978-0-521-57353-5},
	Pages = {I-XIV, 1-389},
	Publisher = {Cambridge University Press},
	Title = {Neural Network Learning - Theoretical Foundations},
	Year = {1999}}

@book{BanerjeeBHKM13,
	Author = {Banerjee, Moulinath and Bunea, Florentina and Huang, J. and Koltchinskii, Vladimir and Maathuis, Marloes H.},
	Date-Added = {2015-02-25 18:22:04 +0000},
	Date-Modified = {2015-02-25 18:22:04 +0000},
	Publisher = {Institute of Mathematical Statistics},
	Series = {Collections},
	Title = {From Probability to Statistics and Back: High-Dimensional Models and Processes -- A Festschrift in Honor of Jon A. Wellner},
	Volume = {9},
	Year = {2013}}

@article{BartlettBL02,
	Author = {Bartlett, Peter L. and Boucheron, St{\'e}phane and Lugosi, G{\'a}bor},
	Date-Added = {2015-02-25 18:22:04 +0000},
	Date-Modified = {2015-02-25 18:22:04 +0000},
	Doi = {10.1023/A:1013999503812},
	Journal = {Mach. Learn.},
	Pages = {85--113},
	Title = {Model Selection and Error Estimation},
	Volume = {48},
	Year = {2002},
	Bdsk-Url-1 = {http://www.springerlink.com/content/tkyad70c2ep6k22m/fulltext.pdf},
	Bdsk-Url-2 = {http://dx.doi.org/10.1023/A:1013999503812}}

@article{BenediktL02,
	Author = {Benedikt, Michael and Libkin, Leonid},
	Date-Added = {2015-02-25 18:22:04 +0000},
	Date-Modified = {2015-02-25 18:22:04 +0000},
	Doi = {10.1006/jcss.2001.1810},
	Issn = {0022-0000},
	Journal = {J. Comput. Syst. Sci.},
	Number = {3},
	Pages = {628--654},
	Title = {Aggregate Operators in Constraint Query Languages},
	Volume = {64},
	Year = {2002},
	Bdsk-Url-1 = {http://www.sciencedirect.com/science/article/pii/S0022000001918100},
	Bdsk-Url-2 = {http://dx.doi.org/10.1006/jcss.2001.1810}}

@article{BlumerEHW89,
	Acmid = {76371},
	Address = {New York, NY, USA},
	Author = {Blumer, Anselm and Ehrenfeucht, Andrzej and Haussler, David and Warmuth, Manfred K.},
	Date-Added = {2015-02-25 18:22:04 +0000},
	Date-Modified = {2015-02-25 18:22:04 +0000},
	Doi = {10.1145/76359.76371},
	Issn = {0004-5411},
	Issue = {4},
	Journal = {J. ACM},
	Month = oct,
	Numpages = {37},
	Pages = {929--965},
	Publisher = {ACM},
	Title = {Learnability and the {V}apnik-{C}hervonenkis Dimension},
	Volume = {36},
	Year = {1989},
	Bdsk-Url-1 = {http://doi.acm.org/10.1145/76359.76371}}

@inproceedings{BlumLR08,
	Acmid = {1374464},
	Address = {New York, NY, USA},
	Author = {Blum, Avrim and Ligett, Katrina and Roth, Aaron},
	Booktitle = {Proc.~40th Annu.~ACM Symp.~Theory of Computing},
	Date-Added = {2015-02-25 18:22:04 +0000},
	Date-Modified = {2015-02-25 18:22:05 +0000},
	Doi = {10.1145/1374376.1374464},
	Isbn = {978-1-60558-047-0},
	Keywords = {learning theory, non-interactive database privacy},
	Location = {Victoria, British Columbia, Canada},
	Numpages = {10},
	Pages = {609--618},
	Publisher = {ACM},
	Series = {STOC '08},
	Title = {A learning theory approach to non-interactive database privacy},
	Year = {2008},
	Bdsk-Url-1 = {http://doi.acm.org/10.1145/1374376.1374464}}

@article{BoucheronBL05,
	Abstract = {The last few years have witnessed important new developments in the theory and practice of pattern classification. We intend to survey some of the main new ideas that have led to these recent results.},
	Author = {Boucheron, St\'{e}phane and Bousquet, Olivier and Lugosi, G\'{a}bor},
	Date-Added = {2015-02-25 18:22:04 +0000},
	Date-Modified = {2015-02-25 18:22:05 +0000},
	Journal = {{ESAIM}: Probability and Statistics},
	Keywords = {bounds, complexity, survey, theory},
	Pages = {323--375},
	Title = {Theory of classification : A survey of some recent advances},
	Volume = {9},
	Year = {2005},
	Bdsk-Url-1 = {http://cat.inist.fr/?aModele=afficheN%5C&%5C#38;cpsidt=17367966}}

@inproceedings{BousquetBL03,
	Author = {Bousquet, Olivier and Boucheron, St\'{e}phane and Lugosi, G\'{a}bor},
	Bibsource = {DBLP, http://dblp.uni-trier.de},
	Booktitle = {Advanced Lectures on Machine Learning},
	Date-Added = {2015-02-25 18:22:04 +0000},
	Date-Modified = {2015-02-25 18:22:05 +0000},
	Doi = {10.1007/978-3-540-28650-9_8},
	Editor = {Bousquet, Olivier and von Luxburg, Ulrike and R\"{a}tsch, Gunnar},
	Pages = {169--207},
	Publisher = {Springer Berlin Heidelberg},
	Series = {Lecture Notes in Computer Science},
	Title = {Introduction to Statistical Learning Theory},
	Volume = {3176},
	Year = {2003},
	Bdsk-Url-1 = {http://dx.doi.org/10.1007/978-3-540-28650-9_8}}

@article{Catoni04,
	Author = {Catoni, Olivier},
	Date-Added = {2015-02-25 18:22:04 +0000},
	Date-Modified = {2015-02-25 18:22:05 +0000},
	Journal = {arXiv preprint},
	Title = {Improved {V}apnik {C}ervonenkis Bounds},
	Volume = {math/0410280},
	Year = {2004}}

@book{Chazelle00,
	Address = {New York, NY, USA},
	Author = {Chazelle, Bernard},
	Date-Added = {2015-02-25 18:22:04 +0000},
	Date-Modified = {2015-02-25 18:22:05 +0000},
	Isbn = {0-521-00357-1},
	Keywords = {vcdim},
	Publisher = {Cambridge University Press},
	Title = {The discrepancy method: randomness and complexity},
	Year = {2000}}

@book{DevroyeGL96,
	Author = {Devroye, Luc and Gy{\"o}rfi, L{\'a}szl{\'o} and Lugosi, G\'{a}bor},
	Date-Added = {2015-02-25 18:22:04 +0000},
	Date-Modified = {2015-02-25 18:22:05 +0000},
	Isbn = {9780387946184},
	Lccn = {95044633},
	Publisher = {Springer Berlin Heidelberg},
	Series = {Applications of Mathematics},
	Title = {A Probabilistic Theory of Pattern Recognition},
	Year = {1996},
	Bdsk-Url-1 = {http://books.google.com/books?id=uDgXoRkyWqQC}}

@inproceedings{ElomaaK02,
	Author = {Elomaa, Tapio and K{\"a}{\"a}ri{\"a}inen, Matti},
	Bibsource = {DBLP, http://dblp.uni-trier.de},
	Booktitle = {AAAI/IAAI},
	Crossref = {DBLP:conf/aaai/2002},
	Date-Added = {2015-02-25 18:22:04 +0000},
	Date-Modified = {2015-02-25 18:22:05 +0000},
	Pages = {140--145},
	Title = {Progressive {R}ademacher Sampling},
	Year = {2002}}

@inproceedings{FeigeM06,
	Acmid = {1132573},
	Address = {New York, NY, USA},
	Author = {Feige, Uriel and Mahdian, Mohammad},
	Booktitle = {Proc.~38th ann.~ACM Symp.~Theory of Computing},
	Date-Added = {2015-02-25 18:22:04 +0000},
	Date-Modified = {2015-02-25 18:22:05 +0000},
	Doi = {10.1145/1132516.1132573},
	Isbn = {1-59593-134-1},
	Keywords = {VC dimension, fixed parameter tractability},
	Location = {Seattle, WA, USA},
	Numpages = {10},
	Pages = {375--384},
	Publisher = {ACM},
	Series = {STOC '06},
	Title = {Finding small balanced separators},
	Year = {2006},
	Bdsk-Url-1 = {http://doi.acm.org/10.1145/1132516.1132573},
	Bdsk-Url-2 = {http://dx.doi.org/10.1145/1132516.1132573}}

@article{GandhiSW10,
	Acmid = {1653761},
	Address = {New York, NY, USA},
	Articleno = {1},
	Author = {Gandhi, Sorabh and Suri, Subhash and Welzl, Emo},
	Date-Added = {2015-02-25 18:22:04 +0000},
	Date-Modified = {2015-02-25 18:22:05 +0000},
	Doi = {10.1145/1653760.1653761},
	Issn = {1550-4859},
	Issue_Date = {December 2009},
	Journal = {ACM Trans.~Sensor Netw.},
	Month = jan,
	Number = {1},
	Numpages = {27},
	Pages = {1:1--1:27},
	Publisher = {ACM},
	Title = {Catching elephants with mice: Sparse sampling for monitoring sensor networks},
	Volume = {6},
	Year = {2010},
	Bdsk-Url-1 = {http://doi.acm.org/10.1145/1653760.1653761},
	Bdsk-Url-2 = {http://dx.doi.org/10.1145/1653760.1653761}}

@article{Gross11,
	Acmid = {1929937},
	Address = {New York, NY, USA},
	Articleno = {3},
	Author = {Gross-Amblard, David},
	Date-Added = {2015-02-25 18:22:04 +0000},
	Date-Modified = {2015-02-25 18:22:05 +0000},
	Doi = {10.1145/1929934.1929937},
	Issn = {0362-5915},
	Issue = {1},
	Issue_Date = {March 2011},
	Journal = {ACM Trans.~Database Syst.},
	Keywords = {VC-dimension, watermarking},
	Month = mar,
	Numpages = {24},
	Pages = {3:1--3:24},
	Publisher = {ACM},
	Title = {Query-preserving watermarking of relational databases and Xml documents},
	Volume = {36},
	Year = {2011},
	Bdsk-Url-1 = {http://doi.acm.org/10.1145/1929934.1929937}}

@article{HarPS11,
	Affiliation = {Department of Computer Science, University of Illinois, 201 N. Goodwin Avenue, Urbana, IL 61801, USA},
	Author = {Har-Peled, Sariel and Sharir, Micha},
	Date-Added = {2015-02-25 18:22:04 +0000},
	Date-Modified = {2015-02-25 18:22:05 +0000},
	Doi = {10.1007/s00454-010-9248-1},
	Issn = {0179-5376},
	Journal = {Discrete \& Computational Geometry},
	Keyword = {Mathematics and Statistics},
	Keywords = {vcdim},
	Number = {3},
	Pages = {462--496},
	Publisher = {Springer-Verlag},
	Title = {Relative $(p,\varepsilon)$-Approximations in Geometry},
	Volume = {45},
	Year = {2011},
	Bdsk-Url-1 = {http://dx.doi.org/10.1007/s00454-010-9248-1}}

@book{HastieTF09,
	Author = {Hastie, Trevor and Tibshirani, Robert and Friedman, Jeroem},
	Date-Added = {2015-02-25 18:22:04 +0000},
	Date-Modified = {2015-02-25 18:22:05 +0000},
	Publisher = {Springer-Verlag},
	Title = {The Elements of Statistical Learning: Data Mining, Inference and Prediction},
	Year = {2009}}

@unpublished{Haussler95,
	Author = {Haussler, David},
	Date-Added = {2015-02-25 18:22:04 +0000},
	Date-Modified = {2015-02-25 18:22:05 +0000},
	Title = {Part 1: Overview of the Probably Approximately Correct (PAC) Learning Framework},
	Year = {1995}}

@inproceedings{HausslerW86,
	Acmid = {10522},
	Address = {New York, NY, USA},
	Author = {Haussler, David and Welzl, Emo},
	Booktitle = {Proc.~2nd Annu.~Symp.~Computational geometry},
	Date-Added = {2015-02-25 18:22:04 +0000},
	Date-Modified = {2015-02-25 18:22:05 +0000},
	Doi = {10.1145/10515.10522},
	Isbn = {0-89791-194-6},
	Location = {Yorktown Heights, New York, United States},
	Numpages = {11},
	Pages = {61--71},
	Publisher = {ACM},
	Series = {SCG '86},
	Title = {Epsilon-nets and simplex range queries},
	Year = {1986},
	Bdsk-Url-1 = {http://doi.acm.org/10.1145/10515.10522}}

@techreport{Kaariainen04,
	Author = {K{\"a}{\"a}ri{\"a}inen, Matti},
	Date-Added = {2015-02-25 18:22:04 +0000},
	Date-Modified = {2015-02-25 18:22:05 +0000},
	Institution = {Department of Computer Science University of Helsinki},
	Number = {C-2004-57},
	Title = {Relating the {R}ademacher and {VC} Bounds},
	Year = {2004}}

@article{KaariainenME04,
	Acmid = {1044696},
	Author = {K\"{a}\"{a}ri\"{a}inen, Matti and Malinen, Tuomo and Elomaa, Tapio},
	Date-Added = {2015-02-25 18:22:04 +0000},
	Date-Modified = {2015-02-25 18:22:05 +0000},
	Issn = {1532-4435},
	Issue_Date = {12/1/2004},
	Journal = {J. Mach. Learn. Res.},
	Month = dec,
	Numpages = {20},
	Pages = {1107--1126},
	Publisher = {JMLR.org},
	Title = {Selective Rademacher Penalization and Reduced Error Pruning of Decision Trees},
	Volume = {5},
	Year = {2004},
	Bdsk-Url-1 = {http://dl.acm.org/citation.cfm?id=1005332.1044696}}

@book{KearnsV94,
	Author = {Kearns, Michael J. and Vazirani, Umesh Virkumar},
	Date-Added = {2015-02-25 18:22:04 +0000},
	Date-Modified = {2015-02-25 18:22:05 +0000},
	Publisher = {MIT press},
	Title = {An introduction to computational learning theory},
	Year = {1994}}

@article{Koltchinskii01,
	Author = {Koltchinskii, Vladimir},
	Date-Added = {2015-02-25 18:22:04 +0000},
	Date-Modified = {2015-02-25 18:22:05 +0000},
	Doi = {10.1109/18.930926},
	Issn = {0018-9448},
	Journal = {IEEE Trans.~Inf.~Theory},
	Keywords = {iterative methods;learning systems;minimisation;parameter estimation;probability;risk management;signal classification;Rademacher penalties;Rademacher process;classifiers;complexity penalties;data dependent penalty;data-driven Rademacher penalties;distribution;empirical risk minimizers;iterative approach;learning algorithms;learning problems;oracle inequalities;penalty function;structural minimization;structural risk minimization;upper bounds;Estimation theory;Extraterrestrial measurements;Iterative algorithms;Iterative methods;Mathematics;Random variables;Risk management;Statistical distributions;Training data;Upper bound},
	Month = jul,
	Number = {5},
	Pages = {1902--1914},
	Title = {Rademacher penalties and structural risk minimization},
	Volume = {47},
	Year = {2001},
	Bdsk-Url-1 = {http://dx.doi.org/10.1109/18.930926}}

@article{KoltchinskiiAADP00,
	Author = {Koltchinskii, Vladimir and Abdallah, C.T. and Ariola, Marco and Dorato, Peter and Panchenko, Dmitry},
	Date-Added = {2015-02-25 18:22:04 +0000},
	Date-Modified = {2015-02-25 18:22:05 +0000},
	Doi = {10.1109/9.895579},
	Issn = {0018-9286},
	Journal = {IEEE Trans.~Autom.~Control},
	Keywords = {approximation theory;computational complexity;control system synthesis;decidability;learning (artificial intelligence);probability;robust control;uncertain systems;bootstrap learning methods;robustness levels;sample complexity estimates;statistical learning control;stopping times;Algorithm design and analysis;Computational complexity;Control systems;Learning systems;Monte Carlo methods;Robust control;Robust stability;Statistical learning;Uncertain systems;Vectors},
	Month = dec,
	Number = {12},
	Pages = {2383--2388},
	Title = {Improved sample complexity estimates for statistical learning control of uncertain systems},
	Volume = {45},
	Year = {2000},
	Bdsk-Url-1 = {http://dx.doi.org/10.1109/9.895579}}

@book{LehmannC98,
	Author = {Lehmann, Erich L. and Casella, George},
	Date-Added = {2015-02-25 18:22:04 +0000},
	Date-Modified = {2015-02-25 18:22:05 +0000},
	Publisher = {Springer-Verlag New York, Inc.},
	Title = {Theory of Point Estimation},
	Year = {1998}}

@article{LiLS01,
	Author = {Li, Yi and Long, Philip M. and Srinivasan, Aravind},
	Date-Added = {2015-02-25 18:22:04 +0000},
	Date-Modified = {2015-02-25 18:22:05 +0000},
	Doi = {10.1006/jcss.2000.1741},
	Issn = {0022-0000},
	Journal = {J. Comp. Sys. Sci.},
	Keywords = {sample complexity; vcdim},
	Number = {3},
	Pages = {516--527},
	Title = {Improved Bounds on the Sample Complexity of Learning},
	Volume = {62},
	Year = {2001},
	Bdsk-File-1 = {YnBsaXN0MDDUAQIDBAUGJCVYJHZlcnNpb25YJG9iamVjdHNZJGFyY2hpdmVyVCR0b3ASAAGGoKgHCBMUFRYaIVUkbnVsbNMJCgsMDxJXTlMua2V5c1pOUy5vYmplY3RzViRjbGFzc6INDoACgAOiEBGABIAFgAdccmVsYXRpdmVQYXRoWWFsaWFzRGF0YV8QSC4uL2RhdGFiYXNlcy9hcHByb3gvYmlibGlvL0xpRXRBbDIwMDEtSW1wcm92ZWRCb3VuZHNTYW1wbGVDb21wbGV4aXR5LnBkZtIXCxgZV05TLmRhdGFPEQJCAAAAAAJCAAIAAAxNYWNpbnRvc2ggSEQAAAAAAAAAAAAAAAAAAADQiVX6SCsAAAAXxUwfTGlFdEFsMjAwMS1JbXByb3ZlZEIjMTdDNTcwLnBkZgAAAAAAAAAAAAAAAAAAAAAAAAAAAAAAAAAAAAAAAAAAABfFcMmdC5NQREYgQ0FSTwABAAQAAAkgAAAAAAAAAAAAAAAAAAAABmJpYmxpbwAQAAgAANCJnEoAAAARAAgAAMmdUeMAAAABACAAF8VMABfDqgAXw6gAF1BKABdF0QAJO0MACTtCAAKT0wACAGtNYWNpbnRvc2ggSEQ6VXNlcnM6AG1hdHRlbzoARG9jdW1lbnRzOgB1bmk6AHJlczoAZGF0YWJhc2VzOgBhcHByb3g6AGJpYmxpbzoATGlFdEFsMjAwMS1JbXByb3ZlZEIjMTdDNTcwLnBkZgAADgBcAC0ATABpAEUAdABBAGwAMgAwADAAMQAtAEkAbQBwAHIAbwB2AGUAZABCAG8AdQBuAGQAcwBTAGEAbQBwAGwAZQBDAG8AbQBwAGwAZQB4AGkAdAB5AC4AcABkAGYADwAaAAwATQBhAGMAaQBuAHQAbwBzAGgAIABIAEQAEgBkVXNlcnMvbWF0dGVvL0RvY3VtZW50cy91bmkvcmVzL2RhdGFiYXNlcy9hcHByb3gvYmlibGlvL0xpRXRBbDIwMDEtSW1wcm92ZWRCb3VuZHNTYW1wbGVDb21wbGV4aXR5LnBkZgATAAEvAAAVAAIADf//AACABtIbHB0eWiRjbGFzc25hbWVYJGNsYXNzZXNdTlNNdXRhYmxlRGF0YaMdHyBWTlNEYXRhWE5TT2JqZWN00hscIiNcTlNEaWN0aW9uYXJ5oiIgXxAPTlNLZXllZEFyY2hpdmVy0SYnVHJvb3SAAQAIABEAGgAjAC0AMgA3AEAARgBNAFUAYABnAGoAbABuAHEAcwB1AHcAhACOANkA3gDmAywDLgMzAz4DRwNVA1kDYANpA24DewN+A5ADkwOYAAAAAAAAAgEAAAAAAAAAKAAAAAAAAAAAAAAAAAAAA5o=},
	Bdsk-Url-1 = {http://www.sciencedirect.com/science/article/B6WJ0-45B65MX-H/2/3b0f2dd50a30dcee8b995d701959f15f},
	Bdsk-Url-2 = {http://dx.doi.org/10.1006/jcss.2000.1741}}

@article{LinialMR91,
	Author = {Linial, Nathan and Mansour, Yishay and Rivest, Ronald L.},
	Date-Added = {2015-02-25 18:22:04 +0000},
	Date-Modified = {2015-02-25 18:22:05 +0000},
	Doi = {10.1016/0890-5401(91)90058-A},
	Issn = {0890-5401},
	Journal = {Information and Computation},
	Number = {1},
	Pages = {33--49},
	Title = {Results on learnability and the {V}apnik-{C}hervonenkis dimension},
	Volume = {90},
	Year = {1991},
	Bdsk-Url-1 = {http://www.sciencedirect.com/science/article/pii/089054019190058A},
	Bdsk-Url-2 = {http://dx.doi.org/10.1016/0890-5401(91)90058-A}}

@incollection{LofflerP09,
	Affiliation = {Utrecht University Department of Information and Computing Sciences},
	Author = {L\"{o}ffler, Maarten and Phillips, Jeff M.},
	Booktitle = {Algorithms - ESA 2009},
	Date-Added = {2015-02-25 18:22:04 +0000},
	Date-Modified = {2015-02-25 18:22:05 +0000},
	Doi = {10.1007/978-3-642-04128-0_29},
	Editor = {Fiat, Amos and Sanders, Peter},
	Keywords = {vcdim},
	Pages = {313--324},
	Publisher = {Springer Berlin Heidelberg},
	Series = {Lecture Notes in Computer Science},
	Title = {Shape Fitting on Point Sets with Probability Distributions},
	Volume = {5757},
	Year = {2009},
	Bdsk-Url-1 = {http://dx.doi.org/10.1007/978-3-642-04128-0_29}}

@book{Matousek02,
	Address = {Secaucus, NJ, USA},
	Author = {Matou\v{s}ek, Ji\v{r}\'{i}},
	Date-Added = {2015-02-25 18:22:04 +0000},
	Date-Modified = {2015-02-25 18:22:05 +0000},
	Isbn = {0387953744},
	Keywords = {vcdim},
	Publisher = {Springer-Verlag},
	Title = {Lectures on Discrete Geometry},
	Year = {2002}}

@article{McDonaldSS11,
	Author = {McDonald, Daniel J. and Shalizi, Cosha Rohilla and Schervish, Mark},
	Date-Added = {2015-02-25 18:22:04 +0000},
	Date-Modified = {2015-02-25 18:22:05 +0000},
	Journal = {CoRR},
	Month = nov,
	Title = {Estimated {VC} Dimension for risk bounds},
	Volume = {abs/1111.3404},
	Year = {2011}}

@book{Miller81,
	Address = {New York, NY, USA},
	Author = {Miller, Rupert G.},
	Date-Added = {2015-02-25 18:22:04 +0000},
	Date-Modified = {2015-02-25 18:22:05 +0000},
	Publisher = {Springer-Verlag},
	Series = {Springer series in statistics},
	Title = {Simultaneous Statistical Inference},
	Year = {1981}}

@book{MohriRT12,
	Author = {Mohri, Mehryar and Rostamizadeh, Afshin and Talwalkar, Ameet},
	Date-Added = {2015-02-25 18:22:04 +0000},
	Date-Modified = {2015-02-25 18:22:05 +0000},
	Publisher = {The MIT Press},
	Title = {Foundations of machine learning},
	Year = {2012}}

@inproceedings{MosselU01,
	Author = {Mossel, Elchanan and Umans, Christopher},
	Booktitle = {16th Annu.~IEEE Conf.~Computational Complexity},
	Date-Added = {2015-02-25 18:22:04 +0000},
	Date-Modified = {2015-02-25 18:22:05 +0000},
	Doi = {10.1109/CCC.2001.933889},
	Keywords = {VC dimension approximation complexity;explicit disperser constructions;list-decodable binary codes;randomness extraction problem;set theory;computational complexity;set theory;},
	Pages = {220--225},
	Series = {CCC '01},
	Title = {On the complexity of approximating the {VC} dimension},
	Year = {2001},
	Bdsk-Url-1 = {http://dx.doi.org/10.1109/CCC.2001.933889}}

@article{NatschlagerS96,
	Author = {Natschl\"{a}ger, Thomas and Schmitt, Michael},
	Date-Added = {2015-02-25 18:22:04 +0000},
	Date-Modified = {2015-02-25 18:22:05 +0000},
	Doi = {10.1016/0020-0190(96)00084-1},
	Issn = {0020-0190},
	Journal = {Inform.~Process.~Lett.},
	Keywords = {Learnability},
	Number = {1},
	Pages = {19--20},
	Title = {Exact {VC}-dimension of Boolean monomials},
	Volume = {59},
	Year = {1996},
	Bdsk-Url-1 = {http://www.sciencedirect.com/science/article/pii/0020019096000841},
	Bdsk-Url-2 = {http://dx.doi.org/10.1016/0020-0190(96)00084-1}}

@inproceedings{NewmanR12,
	Acmid = {2095121},
	Author = {Newman, Ilan and Rabinovich, Yuri},
	Booktitle = {Proc. 23rd Annu.~ACM-SIAM Symp.~Discrete Algorithms},
	Date-Added = {2015-02-25 18:22:04 +0000},
	Date-Modified = {2015-02-25 18:22:05 +0000},
	Location = {Kyoto, Japan},
	Numpages = {17},
	Pages = {51--67},
	Publisher = {SIAM},
	Series = {SODA '12},
	Title = {On Multiplicative {$\lambda$}-Approximations and Some Geometric Applications},
	Year = {2012},
	Bdsk-Url-1 = {http://dl.acm.org/citation.cfm?id=2095116.2095121}}

@article{PapadimitriouY96,
	Author = {Papadimitriou, Christos H. and Yannakakis, Mihalis},
	Date-Added = {2015-02-25 18:22:04 +0000},
	Date-Modified = {2015-02-25 18:22:05 +0000},
	Doi = {10.1006/jcss.1996.0058},
	Journal = {J. Comput. Syst. Sci.},
	Number = {2},
	Pages = {161--170},
	Title = {On Limited Nondeterminism and the Complexity of the {V-C} Dimension},
	Volume = {53},
	Year = {1996},
	Bdsk-Url-1 = {http://www.sciencedirect.com/science/article/pii/S0022000096900586},
	Bdsk-Url-2 = {http://dx.doi.org/10.1006/jcss.1996.0058}}

@article{Schaefer99,
	Author = {Sch{\"a}fer, Marcus},
	Bibsource = {DBLP, http://dblp.uni-trier.de},
	Date-Added = {2015-02-25 18:22:04 +0000},
	Date-Modified = {2015-02-25 18:22:05 +0000},
	Doi = {10.1006/jcss.1998.1602},
	Journal = {J. Comput. Syst. Sci.},
	Number = {1},
	Pages = {177--182},
	Title = {Deciding the {V}apnik-{{\v C}}ervonenkis Dimension is {$\Sigma^{\mathrm{p}}_3$}-Complete},
	Volume = {58},
	Year = {1999},
	Bdsk-Url-1 = {http://dx.doi.org/10.1006/jcss.1998.1602}}

@book{ShalevSBD14,
	Author = {Shalev-Shwartz, Shai and Ben-David, Shai},
	Date-Added = {2015-02-25 18:22:04 +0000},
	Date-Modified = {2015-02-25 18:22:05 +0000},
	Publisher = {Cambridge University Press},
	Title = {Understanding Machine Learning: From Theory to Algorithms},
	Year = {2014}}

@article{ShaoCL00,
	Author = {Shao, Xuhui and Cherkassky, Vladimir and Li, William},
	Date-Added = {2015-02-25 18:22:04 +0000},
	Date-Modified = {2015-02-25 18:22:05 +0000},
	Journal = {Neural Computation},
	Number = {8},
	Pages = {1969--1986},
	Title = {Measuring the {VC}-Dimension using optimized experimental design},
	Volume = {12},
	Year = {2000}}

@article{VanHandel13,
	Author = {van Handel, Ramon},
	Date-Added = {2015-02-25 18:22:04 +0000},
	Date-Modified = {2015-02-25 18:22:05 +0000},
	Journal = {Probability Theory and Related Fields},
	Number = {3-4},
	Pages = {911--934},
	Publisher = {Springer},
	Title = {The universal {G}livenko-{C}antelli property},
	Volume = {155},
	Year = {2013}}

@book{Vapnik98,
	Abstract = {{A comprehensive look at learning and generalization theory. The statistical theory of learning and generalization concerns the problem of choosing desired functions on the basis of empirical data. Highly applicable to a variety of computer science and robotics fields, this book offers lucid coverage of the theory as a whole. Presenting a method for determining the necessary and sufficient conditions for consistency of learning process, the author covers function estimates from small data pools, applying these estimations to real-life problems, and much more.}},
	Author = {Vapnik, Vladimir N.},
	Date-Added = {2015-02-25 18:22:04 +0000},
	Date-Modified = {2015-02-25 18:22:05 +0000},
	Isbn = {0471030031},
	Keywords = {machine-learning},
	Priority = {2},
	Publisher = {Wiley},
	Title = {Statistical learning theory},
	Year = {1998},
	Bdsk-Url-1 = {http://www.worldcat.org/isbn/0471030031}}

@book{Vapnik99,
	Address = {New York, NY, USA},
	Author = {Vapnik, Vladimir N.},
	Date-Added = {2015-02-25 18:22:04 +0000},
	Date-Modified = {2015-02-25 18:22:05 +0000},
	Isbn = {9780387987804},
	Keywords = {vcdim},
	Lccn = {99039803},
	Publisher = {Springer-Verlag},
	Series = {Statistics for engineering and information science},
	Title = {The Nature of Statistical Learning Theory},
	Year = {1999},
	Bdsk-Url-1 = {http://books.google.com/books?id=sna9BaxVbj8C}}

@article{VapnikC71,
	Author = {Vapnik, Vladimir N. and Chervonenkis, Alexey J.},
	Date-Added = {2015-02-25 18:22:04 +0000},
	Date-Modified = {2015-02-25 18:22:05 +0000},
	Doi = {10.1137/1116025},
	Journal = {Theory of Probability and its Applications},
	Keywords = {vcdim},
	Number = 2,
	Pages = {264--280},
	Publisher = {SIAM},
	Title = {On the Uniform Convergence of Relative Frequencies of Events to Their Probabilities},
	Volume = 16,
	Year = 1971,
	Bdsk-File-1 = {YnBsaXN0MDDUAQIDBAUGJCVYJHZlcnNpb25YJG9iamVjdHNZJGFyY2hpdmVyVCR0b3ASAAGGoKgHCBMUFRYaIVUkbnVsbNMJCgsMDxJXTlMua2V5c1pOUy5vYmplY3RzViRjbGFzc6INDoACgAOiEBGABIAFgAdccmVsYXRpdmVQYXRoWWFsaWFzRGF0YV8QSC4uL2RhdGFiYXNlcy9hcHByb3gvYmlibGlvL1ZhcG5pa0NoZXJ2b25lbmtpczE5NzEtVkNEaW1PcmlnaW5hbFBhcGVyLnBkZtIXCxgZV05TLmRhdGFPEQJCAAAAAAJCAAIAAAxNYWNpbnRvc2ggSEQAAAAAAAAAAAAAAAAAAADQiVX6SCsAAAAXxUwfVmFwbmlrQ2hlcnZvbmVua2lzMTkjMTdDNTdFLnBkZgAAAAAAAAAAAAAAAAAAAAAAAAAAAAAAAAAAAAAAAAAAABfFfsjSrpNQREYgQ0FSTwABAAQAAAkgAAAAAAAAAAAAAAAAAAAABmJpYmxpbwAQAAgAANCJnEoAAAARAAgAAMjS5tMAAAABACAAF8VMABfDqgAXw6gAF1BKABdF0QAJO0MACTtCAAKT0wACAGtNYWNpbnRvc2ggSEQ6VXNlcnM6AG1hdHRlbzoARG9jdW1lbnRzOgB1bmk6AHJlczoAZGF0YWJhc2VzOgBhcHByb3g6AGJpYmxpbzoAVmFwbmlrQ2hlcnZvbmVua2lzMTkjMTdDNTdFLnBkZgAADgBcAC0AVgBhAHAAbgBpAGsAQwBoAGUAcgB2AG8AbgBlAG4AawBpAHMAMQA5ADcAMQAtAFYAQwBEAGkAbQBPAHIAaQBnAGkAbgBhAGwAUABhAHAAZQByAC4AcABkAGYADwAaAAwATQBhAGMAaQBuAHQAbwBzAGgAIABIAEQAEgBkVXNlcnMvbWF0dGVvL0RvY3VtZW50cy91bmkvcmVzL2RhdGFiYXNlcy9hcHByb3gvYmlibGlvL1ZhcG5pa0NoZXJ2b25lbmtpczE5NzEtVkNEaW1PcmlnaW5hbFBhcGVyLnBkZgATAAEvAAAVAAIADf//AACABtIbHB0eWiRjbGFzc25hbWVYJGNsYXNzZXNdTlNNdXRhYmxlRGF0YaMdHyBWTlNEYXRhWE5TT2JqZWN00hscIiNcTlNEaWN0aW9uYXJ5oiIgXxAPTlNLZXllZEFyY2hpdmVy0SYnVHJvb3SAAQAIABEAGgAjAC0AMgA3AEAARgBNAFUAYABnAGoAbABuAHEAcwB1AHcAhACOANkA3gDmAywDLgMzAz4DRwNVA1kDYANpA24DewN+A5ADkwOYAAAAAAAAAgEAAAAAAAAAKAAAAAAAAAAAAAAAAAAAA5o=},
	Bdsk-Url-1 = {http://dx.doi.org/10.1137/1116025}}

@article{VapnikLLC94,
	Author = {Vapnik, Vladimir N. and Levin, Esther and Le Cun, Yan},
	Date-Added = {2015-02-25 18:22:04 +0000},
	Date-Modified = {2015-02-25 18:22:05 +0000},
	Journal = {Neural Computation},
	Pages = {851--876},
	Title = {Measuring the {VC}-Dimension of a learning machine},
	Volume = {6},
	Year = {1994}}

@inproceedings{Riondato14,
	Author = {Riondato, Matteo},
	Bibsource = {dblp computer science bibliography, http://dblp.org},
	Biburl = {http://dblp.uni-trier.de/rec/bib/conf/pkdd/Riondato14},
	Booktitle = {Machine Learning and Knowledge Discovery in Databases - European Conference, {ECML} {PKDD} 2014, Nancy, France, September 15-19, 2014. Proceedings, Part {III}},
	Crossref = {DBLP:conf/pkdd/2014-3},
	Date-Added = {2015-02-25 18:21:45 +0000},
	Date-Modified = {2015-02-25 18:21:45 +0000},
	Doi = {10.1007/978-3-662-44845-8_48},
	Pages = {516--519},
	Timestamp = {Mon, 29 Sep 2014 04:34:52 +0200},
	Title = {Sampling-Based Data Mining Algorithms: Modern Techniques and Case Studies},
	Url = {http://dx.doi.org/10.1007/978-3-662-44845-8_48},
	Year = {2014},
	Bdsk-Url-1 = {http://dx.doi.org/10.1007/978-3-662-44845-8_48}}

@inproceedings{RiondatoK14,
	Author = {Riondato, Matteo and Kornaropoulos, Evgenios M.},
	Bibsource = {DBLP, http://dblp.uni-trier.de},
	Booktitle = {WSDM},
	Crossref = {DBLP:conf/wsdm/2014},
	Date-Added = {2015-02-25 18:21:45 +0000},
	Date-Modified = {2015-02-25 18:21:45 +0000},
	Ee = {http://doi.acm.org/10.1145/2556195.2556224},
	Pages = {413-422},
	Title = {Fast approximation of betweenness centrality through sampling},
	Year = {2014}}

@article{RiondatoU14,
	Author = {Riondato, Matteo and Upfal, Eli},
	Bibsource = {dblp computer science bibliography, http://dblp.org},
	Biburl = {http://dblp.uni-trier.de/rec/bib/journals/tkdd/RiondatoU14},
	Date-Added = {2015-02-25 18:21:45 +0000},
	Date-Modified = {2015-02-25 18:21:45 +0000},
	Doi = {10.1145/2629586},
	Journal = {ACM Trans. Knowl. Disc. from Data},
	Number = {4},
	Pages = {20},
	Timestamp = {Mon, 29 Sep 2014 04:34:50 +0200},
	Title = {Efficient Discovery of Association Rules and Frequent Itemsets through Sampling with Tight Performance Guarantees},
	Url = {http://doi.acm.org/10.1145/2629586},
	Volume = {8},
	Year = {2014},
	Bdsk-Url-1 = {http://doi.acm.org/10.1145/2629586},
	Bdsk-Url-2 = {http://dx.doi.org/10.1145/2629586}}

@proceedings{DBLP:conf/aaai/2002,
	Bibsource = {DBLP, http://dblp.uni-trier.de},
	Booktitle = {AAAI},
	Date-Added = {2015-02-25 18:22:04 +0000},
	Date-Modified = {2015-02-25 18:22:05 +0000},
	Editor = {Dechter, Rina and Sutton, Richard S.},
	Ee = {http://www.aaai.org/Conferences/AAAI/aaai02.php},
	Publisher = {AAAI Press / The MIT Press},
	Title = {Proc. 18th Nat.~Conf. on Artificial Intelligence and 14th Conf.~on Innovative Applications of Artificial Intelligence, July 28 - August 1, 2002, Edmonton, Alberta, Canada},
	Year = {2002}}

@proceedings{DBLP:conf/pkdd/2014-3,
	Bibsource = {dblp computer science bibliography, http://dblp.org},
	Biburl = {http://dblp.uni-trier.de/rec/bib/conf/pkdd/2014-3},
	Date-Added = {2015-02-25 18:26:13 +0000},
	Date-Modified = {2015-02-25 18:26:13 +0000},
	Doi = {10.1007/978-3-662-44845-8},
	Editor = {Calders, Toon and Esposito, Floriana and H{\"{u}}llermeier, Eyke and Meo, Rosa},
	Isbn = {978-3-662-44844-1},
	Publisher = {Springer},
	Series = {Lecture Notes in Computer Science},
	Timestamp = {Mon, 29 Sep 2014 04:34:52 +0200},
	Title = {Machine Learning and Knowledge Discovery in Databases - European Conference, {ECML} {PKDD} 2014, Nancy, France, September 15-19, 2014. Proceedings, Part {III}},
	Url = {http://dx.doi.org/10.1007/978-3-662-44845-8},
	Volume = {8726},
	Year = {2014},
	Bdsk-Url-1 = {http://dx.doi.org/10.1007/978-3-662-44845-8}}

@proceedings{DBLP:conf/wsdm/2014,
	Bibsource = {DBLP, http://dblp.uni-trier.de},
	Booktitle = {WSDM},
	Date-Added = {2015-02-25 18:26:13 +0000},
	Date-Modified = {2015-02-25 18:26:13 +0000},
	Editor = {Carterette, Ben and Diaz, Fernando and Castillo, Carlos and Metzler, Donald},
	Ee = {http://dl.acm.org/citation.cfm?id=2556195},
	Isbn = {978-1-4503-2351-2},
	Publisher = {ACM},
	Title = {7th ACM Int.~Conf.~Web Search and Data Mining, WSDM 2014, New York, NY, USA, February 24-28, 2014},
	Year = {2014}}
